@article{gbangou2020rainfall,
  title={Rainfall and dry spell occurrence in Ghana: Trends and seasonal predictions with a dynamical and a statistical model},
  author={Gbangou, Talardia and Ludwig, Fulco and van Slobbe, Erik and Greuell, Wouter and Kranjac-Berisavljevic, Gordana},
  journal={Theoretical and Applied Climatology},
  volume={141},
  number={1},
  pages={371--387},
  year={2020},
  publisher={Springer}
}

@article{mittal2021co,
  title={Co-designing indices for tailored seasonal climate forecasts in Malawi},
  author={Mittal, Neha and Pope, Edward and Whitfield, Stephen and Bacon, James and Bruno Soares, Marta and Dougill, Andrew J and Homberg, Marc van den and Walker, Dean P and Vanya, Charles Langton and Tibu, Austin and others},
  journal={Frontiers in Climate},
  volume={2},
  pages={30},
  year={2021},
  publisher={Frontiers}
}

@article{streefkerk2020linking,
  title={Linking Drought Forecast Information to Smallholder Farmer's Agricultural Strategies and Local Knowledge in Southern Malawi},
  author={Streefkerk, Ileen},
  year={2020}
}

@inproceedings{surmaini2021use,
  title={Use of the dry-spell seasonal forecast in crop management decisions},
  author={Surmaini, E and Susanti, E and Syahputra, MR and Fajary, FR and others},
  booktitle={IOP Conference Series: Earth and Environmental Science},
  volume={648},
  number={1},
  pages={012092},
  year={2021},
  organization={IOP Publishing}
}