@article{gbangou2020rainfall,
  title={Rainfall and dry spell occurrence in Ghana: Trends and seasonal predictions with a dynamical and a statistical model},
  author={Gbangou, Talardia and Ludwig, Fulco and van Slobbe, Erik and Greuell, Wouter and Kranjac-Berisavljevic, Gordana},
  journal={Theoretical and Applied Climatology},
  volume={141},
  number={1},
  pages={371--387},
  year={2020},
  publisher={Springer}
}

@article{mittal2021co,
  title={Co-designing indices for tailored seasonal climate forecasts in Malawi},
  author={Mittal, Neha and Pope, Edward and Whitfield, Stephen and Bacon, James and Bruno Soares, Marta and Dougill, Andrew J and Homberg, Marc van den and Walker, Dean P and Vanya, Charles Langton and Tibu, Austin and others},
  journal={Frontiers in Climate},
  volume={2},
  pages={30},
  year={2021},
  publisher={Frontiers}
}

@article{streefkerk2020linking,
  title={Linking Drought Forecast Information to Smallholder Farmer's Agricultural Strategies and Local Knowledge in Southern Malawi},
  author={Streefkerk, Ileen},
  year={2020}
}

@inproceedings{surmaini2021use,
  title={Use of the dry-spell seasonal forecast in crop management decisions},
  author={Surmaini, E and Susanti, E and Syahputra, MR and Fajary, FR and others},
  booktitle={IOP Conference Series: Earth and Environmental Science},
  volume={648},
  number={1},
  pages={012092},
  year={2021},
  organization={IOP Publishing}
}

@article{zhao2019evaluating,
  title={Evaluating the drought-monitoring utility of four satellite-based quantitative precipitation estimation products at global scale},
  author={Zhao, Haigen and Ma, Yanfei},
  journal={Remote Sensing},
  volume={11},
  number={17},
  pages={2010},
  year={2019},
  publisher={Multidisciplinary Digital Publishing Institute}
}

@article{dinku2011challenges,
  title={Challenges of satellite rainfall estimation over mountainous and arid parts of east Africa},
  author={Dinku, Tufa and Ceccato, Pietro and Connor, Stephen J},
  journal={International journal of remote sensing},
  volume={32},
  number={21},
  pages={5965--5979},
  year={2011},
  publisher={Taylor \& Francis}
}

@article{dembele2016evaluation,
  title={Evaluation and comparison of satellite-based rainfall products in Burkina Faso, West Africa},
  author={Demb{\'e}l{\'e}, Moctar and Zwart, Sander J},
  journal={International Journal of Remote Sensing},
  volume={37},
  number={17},
  pages={3995--4014},
  year={2016},
  publisher={Taylor \& Francis}
}

@article{kimaro2008,
author = {Kimaro, T.A. and Sibande, H.},
year = {2008},
month = {06},
pages = {72-82},
title = {Trends of Rainfall and Maize Productivity in Malawi},
volume = {31},
journal = {Tanzania Journal of Engineering and Technology},
doi = {10.52339/tjet.v31i1.418}
}

@article{dinku2018,
author = {Dinku, Tufa and Funk, Chris and Peterson, Pete and Maidment, Ross and Tadesse, Tsegaye and Gadain, Hussein and Ceccato, Pietro},
year = {2018},
month = {04},
pages = {},
title = {Validation of the CHIRPS Satellite Rainfall Estimates over Eastern of Africa: Validation of the CHIRPS Satellite Rainfall Estimates},
volume = {144},
journal = {Quarterly Journal of the Royal Meteorological Society},
doi = {10.1002/qj.3244}
}

@article{usman2004dry,
  title={Dry spell frequencies and their variability over southern Africa},
  author={Usman, Muhammad T and Reason, CJC},
  journal={Climate research},
  volume={26},
  number={3},
  pages={199--211},
  year={2004}
}

@article{mathugama2011critical,
  title={Critical evaluation of dry spell research},
  author={Mathugama, SC and Peiris, TSG},
  journal={Int. J. Basic Appl. Sci},
  volume={11},
  number={6},
  pages={153--160},
  year={2011},
  publisher={Citeseer}
}